<?xml version="1.0" encoding="UTF-8"?><collection xmlns="http://www.loc.gov/MARC21/slim"><record><leader>00454nam--2200181-u-4500</leader><controlfield tag="001">000053368</controlfield><controlfield tag="002">20161230</controlfield><controlfield tag="005">20161230201051</controlfield><controlfield tag="008">110316s1000------------r-----000-0-rum-d</controlfield><datafield ind1=" " ind2=" " tag="040"><subfield code="a">IFIN-HH</subfield></datafield><datafield ind1=" " ind2=" " tag="041"><subfield code="a">rum</subfield></datafield><datafield ind1=" " ind2=" " tag="080"><subfield code="a">53.01:6(091)05=590</subfield></datafield><datafield ind1="1" ind2=" " tag="110"><subfield code="a">Oficiul De Stat Pentru Inventii Si Marci</subfield></datafield><datafield ind1="1" ind2="0" tag="245"><subfield code="a">Inventarori romania</subfield></datafield><datafield ind1=" " ind2=" " tag="260"><subfield code="a">Bucursti</subfield><subfield code="b">Editura Osim</subfield><subfield code="c">1999</subfield></datafield><datafield ind1=" " ind2=" " tag="300"><subfield code="a">169P</subfield></datafield><datafield ind1=" " ind2=" " tag="852"><subfield code="a">81140</subfield><subfield code="c">53.01</subfield></datafield><datafield ind1=" " ind2=" " tag="CAT"><subfield code="a">Sys</subfield><subfield code="c">20110316</subfield><subfield code="h">154959</subfield></datafield></record></collection>